\bibitem{1} J. Hasty, A. Hoffmann, and S. Golden, Systems biology of cellular rhythms: from cacophony to symphony. \textit{Current opinion in genetics and development} \textcolor{blue}{20(6), 571–573, (2010).}

\bibitem{2} L. Glass, Synchronization and rhythmic processes in physiology. \textit{Nature} \textcolor{blue}{410, 277–284, (2001),}

\bibitem{3} J. Boiko, I. Pyatin, O. Eromenko, O. Barabash, Methodology for Assessing Synchronization Conditions in Telecommunication Devices, \textit{Advances in Science, Technology and Engineering Systems Journal}, vol. 5, no. 2,\textcolor{blue}{320-327, (2020)}
@article{3,
author = {{Juliy Boiko, Ilya Pyatin, Oleksander Eromenko}, Oleg Barabash},
doi = {10.25046/aj050242},
file = {:D$\backslash$:/ASTESJ/ASTESJ{\_}050242.pdf:pdf},
journal = {Advances in Science, Technology and Engineering Systems Journal},
number = {2},
pages = {320--327},
title = {{Methodology for Assessing Synchronization Conditions in Telecommunication Devices}},
volume = {5},
year = {2020}
}
\bibitem{4} S. Bregni, Synchronization of Digital Telecommunications Networks. \textit{John Wiley and Sons}, Ltd, \textcolor{blue}{171-179}, (2002).
@inbook{4,
publisher = {John Wiley & Sons, Ltd},
isbn = {9780470845882},
title = {Network Synchronization Architectures},
booktitle = {Synchronization of Digital Telecommunications Networks},
chapter = {4},
pages = {131-201},
doi = {https://doi.org/10.1002/0470845880.ch4},
url = {https://onlinelibrary.wiley.com/doi/abs/10.1002/0470845880.ch4},
eprint = {https://onlinelibrary.wiley.com/doi/pdf/10.1002/0470845880.ch4},
year = {2002},
abstract = {Summary This chapter has sections titled: An Historical Perspective on Network Synchronization Network Synchronization Strategies Standard Architectures of Synchronization Network Synchronization Network Planning Synchronization Network Management Synchronization Network Performance Monitoring Synchronization Network Protection: Synchronization Status Messaging Examples of Synchronization Networks Summary References}
}
\bibitem{5} A. Ghaffarizadeh, N. S. Flann, and G. J. Podgorski, Multistable switches and their role in cellular differentiation networks. \textit{BMC Bioinformatics},PMID: 25078021 (2014).

\bibitem{6} D. A. Oyarzún, M. Chaves, M. Hoff-Hoffmeyer-Zlotnik, Multistability and oscillations in genetic control of metabolism, \textit{Journal of Theoretical Biology}, Volume 295, \textcolor{blue}{139–153}, (2012).

\bibitem{7} M. Newman, A.-L. Barabási, and D. J. Watts, The Structure and Dynamics of Networks, \textit{Princeton: Princeton University Press}, (2011). %\textcolor{blue}{167-182}, 

\bibitem{Newman10} M. Newman, Networks: An Introduction, \textit{Oxford University Press} \textcolor{blue}{304-340, 494-568, 434-493, 108-109}, (2010).

\bibitem{8} L. A. Bunimovich, D. C. Smith, and B. Z. Webb, Specialization Models of Network Growth, \textit{Journal of Complex Networks}, Volume 7, Issue 3, \textcolor{blue}{375–392}, (2019).

\bibitem{Bunimovich20} L. Bunimovich, D. J. Passey, D. Smith, and B. Webb, Spectral and Dynamic Consequences of Network Specialization. International Journal of Bifurcation and Chaos, 30(06), 2050091, (2020).

\bibitem{10.1} \textcolor{blue}{A. Kulig, S.  Dro\ifmmode \dot{z}\else \.{z}\fi{}d\ifmmode \dot{z}\else \.{z}\fi{}, J. Kwapien, and P. O\ifmmode \acute{s}\else \'{s}\fi{}wi\ifmmode \mbox{\c{e}}\else \c{e}\fi{}cimka, Modeling the average shortest-path length in growth of word-adjacency networks. Phys. Rev. E, Volume 91, Issue 3, 032810, (2015).}

\bibitem{Sporns13} O. Sporns, Network attributes for segregation and integration in the human brain. \textit{Curr. Opin. Neurobiol.} PMID: 23294553, \textcolor{blue}{162-171}, (2013).

\bibitem{9} R. V. Solé V and S. Valverde, Spontaneous emergence of modularity in cellular networks. \textit{J. R. Soc. Interface} 5129–133, \textcolor{blue}{129–133}, (2008).

\bibitem{Esp10} C. Espinosa-Soto, A. Wagner, Specialization Can Drive the Evolution of Modularity. PLoS ComputBiol, 6(3), (2010).

\bibitem{10} L. V. Gambuzza and M. Frasca, A criterion for stability of cluster synchronization in networks with external equitable partitions. \textit{Automatica}, Volume 100, \textcolor{blue}{212-218}, (2019).

\bibitem{11} A. B. Siddique, L. Pecora, J. D. Hart, and F. Sorrentino, Symmetry- and input-cluster synchronization in networks. \textit{Phys. Rev. E} 97, 042217, (2018).

\bibitem{12} M. A. D. Aguiar and A. P. S. Dias, Synchronization and equitable partitions in weighted networks. \textit{Chaos} 28, \textcolor{blue}{073105} (2018).

\bibitem{13} J. Scripps, T. Pang-Ning, and A.-H. Esfahanian, Node Roles and Community Structure in Networks, \textit{Association for Computing Machinery} New York, NY, USA, (2007).

\bibitem{14} C. Coux, R. Rader, I. Bartomeus, and J. M. Tylianakis, Linking species functional roles to their network roles. \textit{Ecology letters}, Volume 19(7), (2016).

\bibitem{15} L. Peel, Active discovery of network roles for predicting the classes of network nodes. \textit{Journal of Complex Networks}, \textcolor{blue}{3(3), 431-449}, (2015).

\bibitem{Stelling02} J. Stelling, S. Klamt, K. Bettenbrock, S. Schuster, and E. D. Gilles, Metabolic Network Structure Determines Key Aspects of Functionality and Regulation.\textit{Nature}, \textcolor{blue}{420, 190-193}, (2002).

\bibitem{} \textit{ACM Transactions on Knowledge Discovery from DataVolume}, 16Issue (2022) Article No.: 28pp 1-24https://doi.org/10.1145/3464390

\bibitem{Cohen83} M. A. Cohen and S. Grossberg, Absolute stability of global pattern formation and parallel memory storage by competitive neural networks. \textit{IEEE Transactions on Systems, Man, and Cybernetics}, Vol. SMC-13, No. 5, \textcolor{blue}{815-826}, (1983).

\bibitem{Fan05} J. Fan and X. Wang, On synchronization in scale-free dynamical networks. \textit{Physica A-statistical Mechanics and Its Applications}, Vol. 349, issue 3, \textcolor{blue}{443-451}, (2005).

\bibitem{Wang02} X. F. Wang and G. Chen, Synchronization in scale-free dynamical networks: robustness and fragility. \textit{IEEE Transactions on Circuits and Systems I: Fundamental Theory and Applications}, Vol. 49, No. 1, \textcolor{blue}{54-62}, (2002).

\bibitem{Prulzj07} N. Przulj, Biological Network Comparison using Graphlet Degree Distribution. \textit{Bioinformatics}, Vol. 23, Issue 2, \textcolor{blue}{177-183} (2007).

\bibitem{Herskowitz89} I. Herskowitz, A regulatory hierarchy for cell specialization in yeast. \textit{Nature}, 342(6251), 749-757, (1989).

\bibitem{Nikolic17} N. Nikolic, F. Schreiber, A. Dal Co, D. J. Kiviet, T. Bergmiller, S. Littmann, M. Kuypers, and M. Ackermann, Cell-to-cell variation and specialization in sugar metabolism in clonal bacterial populations. \textit{PLOS Genetics}, 13(12), 1-24, (2017).

\bibitem{Povinelli95} D. J. Povinelli, and T. M. Preuss, Theory of mind: evolutionary history of a cognitive specialization. \textit{Trends in Neurosciences}, 18(9), 418-424, (1995).

\bibitem{Salz01} R. J. Salz and D. K. Loomis, and K. L. Finn, Development and Validation of a Specialization Index and Testing of Specialization Theory. \textit{Human Dimensions of Wildlife}, 6(4), 239-258, (2001).

\bibitem{Godsil01} C. Godsil and G.F. Royle, Algebraic Graph Theory. \textit{Graduate Texts in Mathematics}. Springer New York, (2001).

\bibitem{Lund21} D. Lund, J. Drapeau, B. Webb, Fourier decompositions of graphs with symmetries and equitable partitions, \textit{Linear Algebra and its Applications}, Vol. 627, \textcolor{blue}{199-226}, (2021).

\bibitem{Cao2020} \textcolor{blue}{H. -J. Li, Z. Bu, Z. Wang and J. Cao, Dynamical Clustering in Electronic Commerce Systems via Optimization and Leadership Expansion, \textit{IEEE Transactions on Industrial Informatics}, vol. 16, no. 8, pp. 5327-5334, (2020).}